=LDR  01570 am a22004335a 4500
=001  009719019
=003  Uk
=005  20170619144724.0
=008  020517s2002\\\\enk\\\\||\\\\\000\||eng\\
=FMT  \\$a  BK
=015  \\$aGBA234873$2bnb
=019  y\$abA234873
=019  9\$a1901930335
=020  \\$a1901930335 (spiral) :$cNo price
=035  \\$a(WlAbNL)A12958280
=040  \\$aWlAbNL$dUk
=100  1\$aLangston, Rowena.
=245  10$aWind energy and birds :$bresults and requirements /$cRowena Langston.
=260  \\$aSandy :$bRoyal Society for the Protection of Birds,$c2002.
=300  \\$a54 p. ;$c30cm.
=336  \\$atext$2rdacontent
=337  \\$aunmediated$2rdamedia
=338  \\$avolume$2rdacarrier
=490  1\$aResearch report ;$v2 / Royal Society for the Protection of Birds
=504  \\$aIncludes bibliographical references.
=650  \0$aBirds$xConservation$zGreat Britain.
=650  \0$aWind power$xEnvironmental aspects$zGreat Britain.
=710  2\$aRoyal Society for the Protection of Birds.
=830  \0$aResearch report (Royal Society for the Protection of Birds) ;$v2.
=886  2\$2ukmarc$a910$b20$aRSPB$xSee$aRoyal Society for the Protection of Birds$z710
=852  41$aBritish Library$bHMNTS$jDigital store
=CAT  \\$aCONV$b00$c20040425$lBLL90$h0543
=CAT  \\$aCONV$b00$c20040502$lBLL01$h1337
=CAT  \\$aBATCH$b00$c20091122$lBLL01$h1216
=CAT  \\$a10902$b40$c20170619$lBLL01$h1447
=LEO  \\$aMP5.0000457785
=SRC  \\$aBNB03$bbibmp5.200404.2.aa
=STA  \\$aSUPPRESSED
=LAS  \\$a10902$b40$c20170619$lBLL01$h1447

